@Article{Elkins2009,
  author = 	 {Derek Elkins},
  title = 	 {Calculating Monads with Category
Theory},
  journal = 	 {The Monad.Reader},
  year = 	 {2009-03-12},
  volume = 	 13,
  pages = 	 {73-91},
  url =          {https://wiki.haskell.org/wikiupload/8/85/TMR-Issue13.pdf#page=73}
}

