@Article{Elliott-2017-compiling-to-categories,
  author    = {Conal Elliott},
  title     = {Compiling to categories},
  journal   = {Proc. ACM Program. Lang.},
  volume    = {1},
  number    = {ICFP},
  articleno = {48},
  numpages  = {24},
  month     = sep,
  year      = {2017},
  url       = {http://conal.net/papers/compiling-to-categories},
  doi       = {http://dx.doi.org/10.1145/3110271}
}


